<record><leader>00000cas a22000007a 4500</leader><controlfield tag="001">68935351</controlfield><controlfield tag="008">060517c200u9999iluwr ne      0   a0eng c</controlfield><datafield ind1=" " ind2=" " tag="010"><subfield code="a">  2006213024</subfield></datafield><datafield ind1=" " ind2=" " tag="040"><subfield code="a">NSD</subfield><subfield code="b">eng</subfield><subfield code="c">NSD</subfield><subfield code="d">OCLCQ</subfield><subfield code="d">OCLCO</subfield></datafield><datafield ind1=" " ind2=" " tag="012"><subfield code="m">y</subfield></datafield><datafield ind1="1" ind2=" " tag="022"><subfield code="a">1931-9460</subfield><subfield code="l">1931-9460</subfield><subfield code="y">1092-3802</subfield><subfield code="2">1</subfield></datafield><datafield ind1="1" ind2=" " tag="029"><subfield code="a">AU@</subfield><subfield code="b">000040296987</subfield></datafield><datafield ind1=" " ind2=" " tag="032"><subfield code="a">666500</subfield><subfield code="b">USPS</subfield></datafield><datafield ind1=" " ind2=" " tag="042"><subfield code="a">nsdp</subfield><subfield code="a">pcc</subfield></datafield><datafield ind1=" " ind2=" " tag="043"><subfield code="a">n-us-il</subfield></datafield><datafield ind1="1" ind2="0" tag="050"><subfield code="a">ISSN RECORD</subfield></datafield><datafield ind1=" " ind2="0" tag="222"><subfield code="a">Wadsworth journal</subfield></datafield><datafield ind1="0" ind2="0" tag="245"><subfield code="a">Wadsworth journal.</subfield></datafield><datafield ind1=" " ind2=" " tag="260"><subfield code="a">Grayslake, Ill :</subfield><subfield code="b">Northwest News Group of Greater Chicago</subfield></datafield><datafield ind1=" " ind2=" " tag="300"><subfield code="a">v.</subfield></datafield><datafield ind1=" " ind2=" " tag="310"><subfield code="a">Weekly</subfield></datafield><datafield ind1=" " ind2=" " tag="500"><subfield code="a">"Lakeland Journals."</subfield></datafield><datafield ind1=" " ind2=" " tag="500"><subfield code="a">"Proudly serving the communities of Wadsworth, Beach Park, Zion."</subfield></datafield><datafield ind1=" " ind2=" " tag="588"><subfield code="a">Description based on: Vol. 46, no. 7 (Apr. 14, 2006) (surrogate).</subfield></datafield><datafield ind1=" " ind2="0" tag="651"><subfield code="a">Wadsworth (Ill.)</subfield><subfield code="v">Newspapers.</subfield></datafield><datafield ind1=" " ind2="0" tag="651"><subfield code="a">Beach Park (Ill.)</subfield><subfield code="v">Newspapers.</subfield></datafield><datafield ind1=" " ind2="0" tag="651"><subfield code="a">Zion (Ill.)</subfield><subfield code="v">Newspapers.</subfield></datafield><datafield ind1=" " ind2=" " tag="752"><subfield code="a">United States</subfield><subfield code="b">Illinois</subfield><subfield code="c">Lake</subfield><subfield code="d">Grayslake.</subfield></datafield><datafield ind1="0" ind2="0" tag="780"><subfield code="t">Wadsworth news</subfield><subfield code="x">1092-3802</subfield><subfield code="w">(DLC)sn 97005714</subfield><subfield code="w">(OCoLC)36216137</subfield></datafield></record>